<collection xmlns="http://www.loc.gov/MARC21/slim">
<record>
  <leader>01604nam0a2200265 i 450 </leader>
  <controlfield tag="001">IT\ICCU\CNCE\004806</controlfield>
  <controlfield tag="005">20070829000000.0</controlfield>
  <datafield tag="012" ind1=" " ind2=" ">
    <subfield code="a">o-i- u.n- a.or uete (3) 1592 (R)</subfield>
    <subfield code="2">fei</subfield>
  </datafield>
  <datafield tag="100" ind1=" " ind2=" ">
    <subfield code="a">19970101d1592        0itac0103    ba</subfield>
  </datafield>
  <datafield tag="101" ind1=" " ind2=" ">
    <subfield code="a">LAT</subfield>
  </datafield>
  <datafield tag="102" ind1=" " ind2=" ">
    <subfield code="a">IT</subfield>
  </datafield>
  <datafield tag="200" ind1="1" ind2=" ">
    <subfield code="a">Responsiones casuum conscientiae, qui ominbus curatis, ac poenitentiarijs singulis mensibus coram illustriss. ac reuerendiss. card. Palaeoto archiepisc. Bonon. proponuntur. Per admodum r.p. Lodouicum de Beia Palaestrelum Lusitanum ordinis Eremitarum theologum ... Huic postrema impressioni additi sunt duo breues sed doctissimi tractatus. Alter quidem de contractibus liuellarijs. Alter vero de venditione rerum fructuosarum ad terminum</subfield>
  </datafield>
  <datafield tag="210" ind1=" " ind2=" ">
    <subfield code="a">Venetiis</subfield>
    <subfield code="c">apud Iacobum Cornettum</subfield>
    <subfield code="d">1592</subfield>
  </datafield>
  <datafield tag="215" ind1=" " ind2=" ">
    <subfield code="a">\48!, 446 p.</subfield>
    <subfield code="d">8ʻ</subfield>
  </datafield>
  <datafield tag="620" ind1=" " ind2=" ">
    <subfield code="a">IT</subfield>
    <subfield code="d">Venezia</subfield>
  </datafield>
  <datafield tag="700" ind1=" " ind2="1">
    <subfield code="a">Beja Perestrelo,</subfield>
    <subfield code="b">Luiz : de</subfield>
    <subfield code="3">IT\ICCU\CNCA\001503</subfield>
  </datafield>
  <datafield tag="712" ind1="0" ind2="0">
    <subfield code="a">Cornetti, Giacomo</subfield>
    <subfield code="3">IT\ICCU\CNCT\000119</subfield>
    <subfield code="4">650</subfield>
  </datafield>
  <datafield tag="790" ind1=" " ind2="1">
    <subfield code="a">Beia Palaestrelus,</subfield>
    <subfield code="b">Ludovicus : de</subfield>
    <subfield code="3">IT\ICCU\CNCA\013156</subfield>
    <subfield code="z">Beja Perestrelo, Luiz : de</subfield>
  </datafield>
  <datafield tag="791" ind1="0" ind2="0">
    <subfield code="a">Cornetti, Iacomo</subfield>
    <subfield code="3">IT\ICCU\CNCT\004676</subfield>
    <subfield code="z">Cornetti, Giacomo</subfield>
  </datafield>
  <datafield tag="791" ind1="0" ind2="0">
    <subfield code="a">Cornettus, Iacobus</subfield>
    <subfield code="3">IT\ICCU\CNCT\004677</subfield>
    <subfield code="z">Cornetti, Giacomo</subfield>
  </datafield>
  <datafield tag="801" ind1=" " ind2="3">
    <subfield code="a">IT</subfield>
    <subfield code="b">ICCU</subfield>
    <subfield code="c">20201113</subfield>
  </datafield>
  <datafield tag="899" ind1=" " ind2=" ">
    <subfield code="a">Biblioteca comunale Fabrizio Trisi. Lugo</subfield>
    <subfield code="1">RA0025</subfield>
    <subfield code="2">RAV CE</subfield>
  </datafield>
  <datafield tag="899" ind1=" " ind2=" ">
    <subfield code="a">Biblioteca del Seminario vescovile. Rovigo</subfield>
    <subfield code="1">RO0042</subfield>
    <subfield code="2">ROV SV</subfield>
  </datafield>
  <datafield tag="911" ind1=" " ind2=" ">
    <subfield code="a">nel front.</subfield>
    <subfield code="9">IT\ICCU\CNCM\000942</subfield>
  </datafield>
  <datafield tag="921" ind1=" " ind2=" ">
    <subfield code="a">IT\ICCU\CNCM\000942</subfield>
    <subfield code="b">Due cornacchie su un piedistallo ai lati di uno scettro. In cornice.</subfield>
    <subfield code="e">Concordia res parvae crescunt</subfield>
    <subfield code="c">U46</subfield>
    <subfield code="d">Dimensioni: 3,2 x 4</subfield>
    <subfield code="f">CONCORDIAR</subfield>
    <subfield code="f">CORNACCHIE</subfield>
    <subfield code="g">1586-1592</subfield>
  </datafield>
</record>
</collection>
